<record><leader>00000cas a2200000 a 4500</leader><controlfield tag="001">15160657</controlfield><controlfield tag="008">870206d18911896azuwr ne      0   a0eng  </controlfield><controlfield tag="009">466</controlfield><datafield ind1=" " ind2=" " tag="010"><subfield code="a">sn 87062054 </subfield></datafield><datafield ind1=" " ind2=" " tag="040"><subfield code="a">DLC</subfield><subfield code="b">eng</subfield><subfield code="c">DLC</subfield><subfield code="d">CNK</subfield><subfield code="d">ANN</subfield><subfield code="d">DLC</subfield><subfield code="d">OCLCF</subfield></datafield><datafield ind1=" " ind2=" " tag="012"><subfield code="l">a</subfield></datafield><datafield ind1="1" ind2=" " tag="022"><subfield code="a">2158-2629</subfield><subfield code="2">1</subfield></datafield><datafield ind1="1" ind2=" " tag="029"><subfield code="a">AU@</subfield><subfield code="b">000020441851</subfield></datafield><datafield ind1=" " ind2=" " tag="042"><subfield code="a">pcc</subfield><subfield code="a">nsdp</subfield></datafield><datafield ind1=" " ind2=" " tag="043"><subfield code="a">n-us-az</subfield></datafield><datafield ind1="0" ind2="0" tag="050"><subfield code="a">Newspaper</subfield></datafield><datafield ind1=" " ind2="4" tag="222"><subfield code="a">The Coconino weekly sun</subfield></datafield><datafield ind1="0" ind2="4" tag="245"><subfield code="a">The Coconino weekly sun.</subfield></datafield><datafield ind1="3" ind2="0" tag="246"><subfield code="a">Coconino sun</subfield></datafield><datafield ind1="3" ind2="0" tag="246"><subfield code="a">Weekly sun</subfield></datafield><datafield ind1=" " ind2=" " tag="260"><subfield code="a">Flagstaff, Ariz. :</subfield><subfield code="b">C.M. Funston,</subfield><subfield code="c">1891-1896.</subfield></datafield><datafield ind1=" " ind2=" " tag="300"><subfield code="a">v.</subfield></datafield><datafield ind1=" " ind2=" " tag="310"><subfield code="a">Weekly</subfield></datafield><datafield ind1="0" ind2=" " tag="362"><subfield code="a">Vol. 9, no. 8 (Nov. 5, 1891)-v. 14, no. 12 (Nov. 26, 1896).</subfield></datafield><datafield ind1=" " ind2=" " tag="530"><subfield code="a">Available on microfilm from State of Arizona, Department of Library, Archives and Public Records.</subfield></datafield><datafield ind1=" " ind2=" " tag="530"><subfield code="a">Archived issues are available in digital format as part of the Library of Congress Chronicling America online collection.</subfield></datafield><datafield ind1=" " ind2=" " tag="580"><subfield code="a">Merged with: Flagstaff democrat, to form: Flagstaff sun-democrat.</subfield></datafield><datafield ind1=" " ind2="0" tag="651"><subfield code="a">Flagstaff (Ariz.)</subfield><subfield code="v">Newspapers.</subfield></datafield><datafield ind1=" " ind2="0" tag="651"><subfield code="a">Coconino County (Ariz.)</subfield><subfield code="v">Newspapers.</subfield></datafield><datafield ind1=" " ind2="7" tag="655"><subfield code="a">Newspapers.</subfield><subfield code="2">fast</subfield><subfield code="0">(OCoLC)fst01423814</subfield></datafield><datafield ind1=" " ind2="7" tag="651"><subfield code="a">Arizona</subfield><subfield code="z">Coconino County.</subfield><subfield code="2">fast</subfield><subfield code="0">(OCoLC)fst01217112</subfield></datafield><datafield ind1=" " ind2="7" tag="651"><subfield code="a">Arizona</subfield><subfield code="z">Flagstaff.</subfield><subfield code="2">fast</subfield><subfield code="0">(OCoLC)fst01205910</subfield></datafield><datafield ind1=" " ind2=" " tag="752"><subfield code="a">United States</subfield><subfield code="b">Arizona</subfield><subfield code="c">Coconino</subfield><subfield code="d">Flagstaff.</subfield></datafield><datafield ind1="0" ind2="0" tag="780"><subfield code="t">Coconino sun (Flagstaff, Ariz. : 1891)</subfield><subfield code="x">2158-2610</subfield><subfield code="w">(DLC)sn 82016245</subfield><subfield code="w">(OCoLC)9252421</subfield></datafield><datafield ind1="1" ind2="7" tag="785"><subfield code="t">Flagstaff democrat</subfield><subfield code="w">(DLC)sn 94051128</subfield><subfield code="w">(OCoLC)30339802</subfield></datafield><datafield ind1="1" ind2="7" tag="785"><subfield code="t">Flagstaff sun-democrat</subfield><subfield code="x">2158-480X</subfield><subfield code="w">(DLC)sn 94050554</subfield><subfield code="w">(OCoLC)31681759</subfield></datafield><datafield ind1="4" ind2="1" tag="856"><subfield code="u">http://www.loc.gov/chroniclingamerica/lccn/sn87062054/issues</subfield></datafield></record>